% Encoding: UTF-8

@Article{Georgi1993,
  author  = {Georgi, H.},
  journal = {Ann. Rev. Nucl. Part. Sci.},
  title   = {Effective field theory},
  year    = {1993},
  pages   = {209--252},
  volume  = {43},
  doi     = {10.1146/annurev.ns.43.120193.001233},
}

@Article{Pineda1998,
  author        = {Pineda, Antonio and Soto, Joan},
  journal       = {Phys. Lett. B},
  title         = {The Lamb shift in dimensional regularization},
  year          = {1998},
  pages         = {391--396},
  volume        = {420},
  archiveprefix = {arXiv},
  doi           = {10.1016/S0370-2693(97)01537-2},
  eprint        = {hep-ph/9711292},
  reportnumber  = {UB-ECM-PF-97-33},
}

@Book{Weinberg2005,
  author    = {Weinberg, Steven},
  publisher = {Cambridge University Press},
  title     = {The Quantum theory of fields. Vol. 1: Foundations},
  year      = {2005},
  isbn      = {978-0-521-67053-1, 978-0-511-25204-4},
  month     = {6},
}

@Article{Weinberg1967,
  author  = {Weinberg, Steven},
  journal = {Phys. Rev. Lett.},
  title   = {Dynamical approach to current algebra},
  year    = {1967},
  pages   = {188--191},
  volume  = {18},
  doi     = {10.1103/PhysRevLett.18.188},
}

@Article{Dashen1969,
  author  = {Dashen, Roger F.},
  journal = {Phys. Rev.},
  title   = {Chiral SU(3) x SU(3) as a symmetry of the strong interactions},
  year    = {1969},
  pages   = {1245--1260},
  volume  = {183},
  doi     = {10.1103/PhysRev.183.1245},
}

@Article{Dashen1969a,
  author  = {Dashen, Roger F. and Weinstein, M.},
  journal = {Phys. Rev.},
  title   = {Soft pions, chiral symmetry, and phenomenological lagrangians},
  year    = {1969},
  pages   = {1261--1291},
  volume  = {183},
  doi     = {10.1103/PhysRev.183.1261},
}

@Article{Weinberg1979,
  author       = {Weinberg, Steven},
  journal      = {Physica A},
  title        = {Phenomenological Lagrangians},
  year         = {1979},
  number       = {1-2},
  pages        = {327--340},
  volume       = {96},
  doi          = {10.1016/0378-4371(79)90223-1},
  editor       = {Deser, S.},
  reportnumber = {HUTP-78-A051A},
}

@Article{Weinberg2009,
  author        = {Weinberg, Steven},
  journal       = {PoS},
  title         = {Effective Field Theory, Past and Future},
  year          = {2009},
  pages         = {001},
  volume        = {CD09},
  archiveprefix = {arXiv},
  doi           = {10.22323/1.086.0001},
  eprint        = {0908.1964},
  primaryclass  = {hep-th},
  reportnumber  = {UTTG-09-09, TCC-028-09},
}

@Article{Schwinger1967,
  author  = {Schwinger, Julian S.},
  journal = {Phys. Lett. B},
  title   = {Chiral dynamics},
  year    = {1967},
  pages   = {473--476},
  volume  = {24},
  doi     = {10.1016/0370-2693(67)90277-8},
}

@Article{Wilson1971a,
  author  = {Wilson, Kenneth G.},
  journal = {Phys. Rev. B},
  title   = {Renormalization group and critical phenomena. 2. Phase space cell analysis of critical behavior},
  year    = {1971},
  pages   = {3184--3205},
  volume  = {4},
  doi     = {10.1103/PhysRevB.4.3184},
}

@Article{Wilson1971b,
  author  = {Wilson, Kenneth G.},
  journal = {Phys. Rev. B},
  title   = {Renormalization group and critical phenomena. 1. Renormalization group and the Kadanoff scaling picture},
  year    = {1971},
  pages   = {3174--3183},
  volume  = {4},
  doi     = {10.1103/PhysRevB.4.3174},
}

@Article{Wilson1972,
  author  = {Wilson, Kenneth G. and Fisher, Michael E.},
  journal = {Phys. Rev. Lett.},
  title   = {Critical exponents in 3.99 dimensions},
  year    = {1972},
  pages   = {240--243},
  volume  = {28},
  doi     = {10.1103/PhysRevLett.28.240},
}

@Article{Wilson1975,
  author       = {Wilson, Kenneth G.},
  journal      = {Rev. Mod. Phys.},
  title        = {The Renormalization Group: Critical Phenomena and the Kondo Problem},
  year         = {1975},
  pages        = {773},
  volume       = {47},
  doi          = {10.1103/RevModPhys.47.773},
  reportnumber = {CLNS-296},
}

@Article{Weinberg2021,
  author        = {Weinberg, Steven},
  title         = {On the Development of Effective Field Theory},
  year          = {2021},
  month         = {1},
  archiveprefix = {arXiv},
  eprint        = {2101.04241},
  primaryclass  = {hep-th},
  reportnumber  = {UTTG-25-2020},
}

@Article{Weinberg1968,
  author  = {Weinberg, Steven},
  journal = {Phys. Rev.},
  title   = {Nonlinear realizations of chiral symmetry},
  year    = {1968},
  pages   = {1568--1577},
  volume  = {166},
  doi     = {10.1103/PhysRev.166.1568},
}

@Comment{jabref-meta: databaseType:bibtex;}

%---------------------------------------------------------------------------%
